@misc{wiki:Principle_of_maximum_entropy,
   author = "Wikipedia",
   title = "{Principle of maximum entropy} --- {W}ikipedia{,} The Free Encyclopedia",
   year = "2020",
   howpublished = {\url{http://en.wikipedia.org/w/index.php?title=Principle\%20of\%20maximum\%20entropy&oldid=943854349}},
 }

@book{10.5555/1146355,
author = {Cover, Thomas M. and Thomas, Joy A.},
title = {Elements of Information Theory (Wiley Series in Telecommunications and Signal Processing)},
year = {2006},
isbn = {0471241954},
publisher = {Wiley-Interscience},
address = {USA}
}

@book{10.5555/971143,
author = {MacKay, David J. C.},
title = {Information Theory, Inference  Learning Algorithms},
year = {2002},
isbn = {0521642981},
publisher = {Cambridge University Press},
address = {USA}
}


@inproceedings{mccallum2000maximum,
  title={Maximum Entropy Markov Models for Information Extraction and Segmentation.},
  author={McCallum, Andrew and Freitag, Dayne and Pereira, Fernando CN},
  booktitle={Icml},
  volume={17},
  number={2000},
  pages={591--598},
  year={2000}
}